Automatically generated by Mendeley Desktop 1.19.4
Any changes to this file will be lost if it is regenerated by Mendeley.

BibTeX export options can be customized via Options -> BibTeX in Mendeley Desktop

@book{Amaral2013,
abstract = {Theories, Concepts, and Applications for Engineers and System Designers.},
address = {Berkeley, CA},
archivePrefix = {arXiv},
arxivId = {arXiv:1011.1669v3},
author = {Awad, Mariette and Khanna, Rahul},
booktitle = {J. Petrol.},
doi = {10.1007/978-1-4302-5990-9},
eprint = {arXiv:1011.1669v3},
file = {:D$\backslash$:/OneDrive/Documentos/MBA - USP/mba-usp/PROJETO FINAL/DOCUMENTOS/AUXILIAR/2015{\_}Book{\_}EfficientLearningMachines.pdf:pdf},
isbn = {978-1-4302-5989-3},
issn = {00223530},
keywords = {(),- basalt,-picrite,1,10,10.1002/2014JB011561 and Santos Basin,1007,12691,132ma,1999,2,2 apresentam raz{\~{o}}es la,2004 para prospec-,2006,2013,238U and 232Th series,238U-230Th-226Ra systematics,3-18,3He/4He,4044 derring hall,40Ar/39Ar,40Ar/39Ar age dating,40Ar/39Ar ages,40Ar/39Ar dating,40Ar/39Ar geochronology,41-46,70 km,87Sr/86Sr isotopes,A-type granites,AAPG Bulletin,ABSTRACT,AFC,AFC processes,AIFC,ANALYTICAL TECHNIQUES,Abrolhos continental shelf,Absolute age,Accommodation zone,Accretionary wedge,Adakite,Adjoint method,Aegirine,Aeromagnetic data,Aeromagnetics,Aeromagnetism,Africa,African plate motion,Agitation gradient,Agpaitic rocks,Alcalina,Alkali basalt,Alkali basalts,Alkali-basalt,Alkalic,Alkaline and tholeiitic magmatism,Alkaline core,Alkaline intrusions,Alkaline magmatism,Alkaline rocks,Alkaline volcanic,Alkaline-carbonatite complex,Aluminous A-type granite,Amambay regions,Amazonian Craton,Ambient mantle temperatures,America,American Society for Photogrammetry,Amphibole,Amphibolite partial melting,Amp{\`{e}}re Seamount,Analyse chimique,Andesite,Anisotropy of magnetic susceptibility,Ankaramite,Anorogenic granite,Antarctica,An{\'{a}}lise estrutural. Deforma{\c{c}}{\~{a}}o r{\'{u}}ptil. Lineamentos,An{\'{a}}lisis qu{\'{i}}mico,Apatite fission track,Approaching,Ar-40/Ar-39,Ar-Ar dating,Ar-Ar geochronology,Ar/Ar,Arc magmatism,Arc-type volcanic rocks,Argentina,Arizona rhyolite compositions,Arraial do Cabo peninsula,Ascencion fracture zone,Ascension Island,Asia,Assimilation,Asthenosphere,Asthenosphere flow,Atlantic,Atlantic continental margin,Atlantic margin,Atlantic ocean opening,Augite,Azores,Bacia de (SP),Bacia de Campos,Bacia do Parna{\'{i}}ba,Baddeleyite U-Pb dating,Balanced restoration,Basalt,Basaltic dikes,Basalts,Basanite,Basement,Basement control,Basement inheritance,Basin analysis,Basin development,Bezymianny Volcano,Binary mixing,Biology,Body waves,Bohemian Massif,Borborea province,Botswana,Boudinage,Brasiliano orogeny,Brasiliano-Panafrican,Brazil,Brazil magmatism,Brazilian margin,Brazilian rifted margin,Breakup unconformity,Brittle structures,C,Calc-alkaline magmatism,Calcite,Caldera,Cambrian,Campos Basin,Campos and Santos basins,Campos basin,Canan{\'{e}}ia,Carbonate-rich rocks,Carbonated eclogite,Carbonated peridotite,Carbonatite,Carbonatites,Carpathian-Pannonian region,Cataclasis,Cenozoic,Cenozoic rifts,Cenozoic tectonics,Central Atlantic magmatic province,Chain silicates,Chemical composition,Chemical ratios,Chemistry,Chemostratigraphy,Chile trench,Chondrites,Chronology,Classification,Clinopyroxene,Colorado Plateau,Columbia,Columbia seamount,Compatibility,Complex,Composition diagrams,Conjugate Atlantic margin,Conjugate margins,Continental Geology,Continental breakup,Continental collision,Continental crust,Continental flood basalt,Continental flood basalts,Continental volcanism,Core-mantle boundary,Corvo,Cpx,Craton,Cretaceous Serra do Mar,Cretaceous hingeline,Crust,Crustal anatexis,Crustal architecture,Crustal assimilation,Crustal boundary,Crustal composition,Crustal contamination,Crustal modeling,Crustal recycling,Crustal stretching,Crustal structure,Crustal thickness,Crustal thinning,Crystal fractionation,Crystal isotope stratigraphy,Crystallization,Cumulate,Cumulate texture,Cunhaporanga Batholith,DES,DMM,Dacite,Damage zone,Damage zones,Data analysis,Debris flows,Deep seismic,Deep seismic data,Deep seismic reflection and refraction,Deep water,Deformation bands,Degree of melting,Dendrite,Density,Depleted upper mantle,Depositionol element,Desertas Islands,Dharwar,Diagrama equilibrio,Diagramme {\'{e}}quilibre,Diamond,Digital isochrons,Dike Swarm,Dike swarm,Dike swarms,Dilatational fractures,Diorite,Dupal Anomaly,Dupal mantle anomaly,Dyke swarm,Dyke swarms,Dykes,Dynamics of lithosphere and mantle,D″,EM-1,Early Jurassic,Earth history,Eastern Pontides,Eclogite,Ecotipos,Efeito Banco,Eifel,Elbe Fault System,Element partitioning,Endemic soils,Enriched mantle source,Enrichment,Enxame de Diques de Florian{\'{o}}polis,Eocene,Eocene-Oligocene,Eopaleozoic,Equatorial Atlantic,Equilibrium,Eritrea,Eruption transitions,Eruptions,Esp{\'{i}}rito Santo basin,Etendeka,Experimental petrology,Experimental phase equilibria,FOZO,Factor analysis,Faroes,Fault growth,Fault interaction,Fault reactivation,Fault stepovers,Fault surfaces,Fault tip,Faults,Faults and fractures,Fe-Ti oxides,Feldspars,Felsic magmatism,Fernando Poo fracture zone,Fernando de Noronha,Flood basalt,Flood basalts,Florian{\'{o}}polis Dyke Swarm,Fluid flow,Fluid inclusion,Foliation,Forma{\c{c}}{\~{a}}o Serra Geral,Fractional crystallization,Fractionation,Fractionation crystallization,Fracture,Fracture networks,Fracture zone,Fracture-frequency,Fractures,Free-air gravity,Full waveform inversion,Gabbro,Gabbroic xenoliths,Gabbronorite,Galapagos plume,Garnet peridotite,Geobarometry,Geochemical modeling,Geochemical modelling,Geochemistry,Geochemistry of boreholes,Geochronology,Geodynamic,Geodynamics,Geofisica,Geologia estrutural,Geology,Geometry,Geophysical,Geophysical anomaly,Geophysics,Geoprocessing,Geoqu{\'{i}}mica,Geotectonics,Geothermal,Geothermal gradient,Geothermobarometry,Geothermometry,Germany,Glass inclusions,Gondwana,Gondwana amalgamation,Gondwana breakup,Graciosa Province,Granite,Granitoid-related mineralisation,Granitoids,Graphs,Gravitational collapse of orogenic crust,Gravity inversion.,Gravity settling,Green-core clinopyroxene,Groupe pyrox{\`{e}}ne,Grupo piroxeno,HIMU,HIMU OIB,Hafnium,Hawaii,Hawaii petrology,Hb3gr hornblende,Heterogeneity,Hidroac{\'{u}}stica,High field strength elements,High pressure,High resolution aerotnagnetnometry,Hole model,Hot spot,Hot spots,Hotspot track,Hotspots,Hydraulically significant fracture,Hydrology,Hydrothermal alteration,Hydrothermalism,Hydrous,Hyper-extension,Hyperspectral,INTRODUCTION,IRAN,IRON SKARN DEPOSIT,Iberia,Igneous intrusions,Igneous rocks,Ilha de Santa Catrina,Ilmenite,Imperfect fractional crystallization,In situ crystallization,In-situ sr isotopes,Inclusion,India,Interaction,Interaction between Rodinian plume and plate subdu,Intercalibration,Interpretation of magnetic surveys,Intersection,Intra-plate,Intra-plate basalts,Intracontinental deformation,Intraplate deformation,Intraplate seismicity,Inverse theory,Iran,Irtysh-Zaisan and Junggar-Balkhash Oceans,Isostatic compensation,Isotope,Isotope geochemistry,Isotopic chemistry,Israel,Itabora{\'{i}} basin,Jacupiranga - Brazil,Jacu{\'{i}}pe Basin,Japi Surface,Joints,Juan Fernandez hotspot,July 1964,Jurassic-Cretaceous transition,Karoo,Katungite,Kilauea Iki,Kimberlite,Kinematic analysis,Kinematic indicators,Kinematic reconstruction and constraints,Kinematics,Kink band,Kokchetav,LA-ICP-MS,LA-MC-ICP-MS,LLSVP,Lages Dome,Lagoa da Vira{\c{c}}āo,Lamprophyre,Landsat TM,Laptev Sea,Large igneous province,Large igneous provinces,Laser ablation,Late Aptian-Early Albian transtension,Late Cretaceous highlands,Late Palaeoproterozoic,Late-Variscan fault,Laterite,Lava lake,Lava stratigraphy,Left-lateral shear zone,Lineament,Lineamentos,Linear concentration relationship,Linkage,Liquid immiscibility,Lithosphere,Lithosphere plate,Lithosphere thinning,Lithospheric extension,Lithospheric mantle,Lithospheric strength,Lithospheric subcontinental mantle,Lithospheric subcontinental mantle en,Loihi seamount,Low-frequency seismicity,Lower continental crust,Lower crust,Lu-Hf,Lut,MORB,MS Windows,Madeira,Mafic dyke swarms,Mafic-felsic magma interaction,Mafic-ultramafic cumulates,Mafurite,Magma chamber,Magma evolution,Magma genesis,Magma mixing,Magma types,Magma-poor margin,Magmas,Magmatic Arc,Magmatic petrology,Magnesian olivine,Magnesiow{\"{u}}stite,Magnetic anomalies,Magnetic petrology,Magnetic petrophysics,Magnetic sector ICP-MS,Major element,Major elements,Makran,Manjo,Mantle,Mantle convection,Mantle fO{\textless}inf{\textgreater}2{\textless}/inf{\textgreater},Mantle geochemistry,Mantle heterogeneity,Mantle isochron,Mantle melting,Mantle metasomatism,Mantle metasomatism en,Mantle plume,Mantle plumes,Mantle processes,Mantle sources,Marquesas,Martin Vaz island,Mauna Kea,Mauna Kea volcano,Mauna Loa,Mechanics,Melt,Melt inclusions,Melt metasomatism,Melt/ solid reaction,Melt/rock reaction,Melting,Melting model,Mesozoic,Messum complex,Metasomatised lithosphere,Metasomatism,Metasomatized mantle source,Microanalysis,Mid ocean ridge basalt,Mid-Atlantic Ridge,Mid-Polish Basin,Mid-atlantic ridge,Mid-ocean ridge,Mid-ocean ridge basalts,Mid-ocean ridges,Mineral abbreviations,Mineral chemistry,Mineral compositions,Mineral-melt trace element partitioning,Mineralization,Mineralogy,Miocene volcanism,Misra2015,Mixing,Mode of emplacement,Modelo Tese UERJ,Morphostructural,Morro Redondo Complex,Morro Vermelho Formation age,Morro de s{\~{a}}o jo{\~{a}}o,Muddy system,Multiplets,Mylonite,M{\o}re Margin,NE Paraguay,NW Iran,Namibia,Nazca Plate,Nb/Ta decoupling,Nb/Ta decoupling en,Nd and Pb isotopes,Nd-144/Nd-143,Neoproterozoic,Neoproterozoic bimodal intrusive complex,Neotectonics,Nepheline syenite,Nephelinite,Nephelinite suite,Nephelinite–phonolite magmatism,Networks,New Zealand,Ni enrichment,Niobium ore deposits,Nomenclatura,Nomenclature,Non-volcanic passive continental margin,Norms,North China Craton,North German Basin,Northeastern China,Northern Aravalli orogen,OIB,OIB genesis,Ocean Drilling,Ocean Island Basalts,Ocean crust,Ocean drilling,Ocean floor,Ocean island basalt,Ocean island basalts,Ocean island magmatism,Ocean islands,Ocean-continent transition,Ocean-island basalts,Oceanic basalts,Oceanic fracture zone,Oceanic islands volcanism,Oceanic lithosphere,Offshore Santos Basin,Okavango,Olivine,Olivine trace element chemistry,Onshore-offshore correlation,Ophiolites,Ore-forming fluids,Orocline,Orogenic collapse,Orthopyroxene,Oscillatory zoning,Oxybarometry,Oxygen,Oxygen fugacity,PHEM,Palaeogeomorphology,Paleo-Pacific Ocean,Paleobreccias,Paleocene,Paleocontinent rifting and breakup,Paleozoic,Pan-African Dahomeyide orogen,Parallel dyke swarm,Parameterization,Parana,Parana Basin,Parana Brazil,Parana flood basalts,Parana-Etendeka volcanism,Paran{\'{a}} Basin,Paran{\'{a}} Continental Flood Basalts,Paran{\'{a}} Magmatic Province,Paran{\'{a}}-Etendeka,Paran{\'{a}}-Etendeka Large Igneous Province,Paran{\'{a}}-Etendeka magmatic province,Parental magma,Partial Melting,Partial mantle melting,Partial melting,Partition coefficients,Passive continental margin,Passive margin,Passive margins,Patagonia,Patagonia en,Patag{\^{o}}nia (Argentina e Chile),Pb isotope,Pb isotopes,Pb paradox,Pb-207/Pb-204,Pb-208/Pb-204,Pb-Sr-Hf isotopes,Peralkaline melts,Peridotite,Permeable,Perovskite,Petit-spot,Petrogenesis,Petrogenetic modelling,Petrography,Petrologic modeling,Petrology,Phase equilibria,Phonolite,Photogrammetric Engineering,Phreatic eruption,Picrite,Picrites,Pigeonite,Piroxeno,Plagioclase,Plagioclase phenocrysts,Plagioclase zoning patterns,Plate kinematic,Plate motions,Plate tectonics,Plate-wide stress,Platinum group elements,Plug model,Plume-ridge interaction,Plumes,Portugal,Post-collisional,Post-collisional extension,Post-orogenic magmatism,Post-perovskite,Potassic and sodic series,Precambrian,Pressure,Pressure-driven asthenospheric flow,Programa REVIZEE,Proterozoic,Proterozoic granite,Prov{\'{i}}ncia magm{\'{a}}tica Paran{\'{a}},Pr{\'{e}}-sal,Pyrochlore,Pyroclastic flows,Pyroxene,Pyroxenite,Pyrox{\`{e}}ne,QUIIF,Quartz,Quaternary,Quaternary dating,Quiet zone,R language,REE ratios,Radiating dyke swarm,Radiogenic isotopes,Raohe accretionary complex,Rare earth element modeling,Reactivation,Reactivation of structures,Recycled oceanic crust,Recycling,Relay ramps,Relay structures,Remote sensing,Rhyolite,Rhyolite mineral compositions,Ribeira Belt,Ribeira belt,Riedel structures,Rift,Rift stage,Rifting,Rifting deformation,Rifting evolution,Ringwoodite,Rio Apa,Rio Doce formation,Rio bonito,Rock avalanches,Rock magnetism,Rodinia,Russia,SANGAN,SANTOS Basin,SCHEM,SE Brazil,SEBASS,STABLE ISOTOPES,Saint Peter Saint Paul Islets,Salite,Salt basin,Salt tectonics,Salton Sea,Samoa,Sandy system,Santa Catarina Shield,Santas Basin,Santos,Santos Basin,Sao Paulo Plateau,Satellite-derived gravimetry,Seafloor spreading,Seamount,Seawater,Section restoration,Sector zoning,Sedimentary basin,Segmentation,Segregation veins,Seismic,Seismic stratigraphy,Seismic tomography,Sensoriamento remoto,Sergipe-Aalagoas Basin,Serra Geral,Serra do Mar Province,Serra do Mar alkaline province,Shear,Shear fractures,Shear zone,Shear zones,Shear-zone,Shona,Shona plume,Silica activity,Sistan,Slab,Slab break up,Slab window,Slickensides,Small-scale mantle heterogeneity,Society,Sodic and potassic,Software,Solomon Islands,Solution model,South,South Africa,South America,South American continent,South Atlantic,South Atlantic Ocean,South Atlantic opening,South China Sea,South Gondwana breakup,South and Equatorial Atlantic Oceans,Southeast Brazil,Southeast atlantic ocean,Southeastern Brazil,Southeastern Brazilian margin,Southeastern Ghana,Southern Brazilian occurrences,Southern Brazilian rifted margin,Southwestern Angola,Spinel,Spreading ridge,Spreadsheet program,Sr,Sr isotopes,Sr-87/Sr-86,Sr-Nd isotopes,Sr-Nd-Os isotopes,Sr-Nd-Pb isotopes,Sr-Nd-Pb-Os isotopes,Sr–Nd–Hf isotopes,St. Helena,Standards,Strain,Strain localization,Stress,Stress variability,Strike-slip faults,Strike-slip reactivation,Strontium,Structural analysis,Structural geology,Structural inheritance,Structural lineaments,Sub-continental lithospheric mantle,Sub-continental mantle,Subaqueous eruption,Subcontinental lithospheric mantle (SCLM),Subduction,Subduction zone,Submarine volcanism,Subsalt imaging,Subsidence,Subsidence modeling,Sudetic Granite Belt,Suites,Sulfide melt,Summit level map,Supercontinent breakup,Supercontinent cycle,Supercontinents,Supergene ores,Superimposed slickenlines,Supplementary tables,S{\~{a}}o Paulo Plateau,Taishanmiao,Tangu{\'{a}},Tarim in NW China,Taubat{\'{e}} Basin,Tectonic breccias,Tectonic evolution northeastern Brazil,Tectonic reactivations,Tectonic setting,Tectonic uplift,Tectonics,Tectono-stratigraphic evolution,Tect{\^{o}}nica,Telica,Temperature,Tengchong,Tephrite,Terceira Island,Tese de doutorado,Thermal boundary layer,Thermal infrared,Thermal subsidence,Thermometry,Thessalon volcanic rocks,Thinning processes,Tholeiites,Tholeiitic dyke swarm,Tholeiitic magmatism,Tholeitiic,Ti-magnetite,Tibetan plateau,Tonalite,Tonga Trench,Topography,Topology,Trace element enrichment,Trace element mapping,Trace element modeling,Trace element variation,Trace elements,Trace-element partitioning,Trachybasalt,Transfer zone,Transform margin,Transition metals,Transition zone,Transitional domain,Transport model,Travertine,Tres Corregos,Trindade Island,Trindade hotspot,Trindade island,Trindade plume,Triple junction,Tristan,Tristan plume,Troctolites,Tuffisite,Turkey,U'Pb ages,U-Pb,U-Pb dating,U-Pb geochronology,U/Pb,UAV geological mapping,Ugandite,Ultra-low velocity zone,Ultramafic mantle xenoliths,Ultramafic mantle xenoliths en,Ultramafic xenoliths,Ultrapotassic lavas,Upper mantle convective planform,Upper plate magma-poor rifted margins,Upper-mantle tomography,Uruguay,Vent,Vertical segregation,Vesicularity,Viscosity,Vit{\'{o}}ria-trindade chain,Vol 30,Volatiles,Volcanic arc,Volcanic rifted margin,Volcanic rocks,Volcanic successions,Volcanism,Volcanology,Wave-cut bench,West Bengal,West Gondwana,West Iberian Margin magmatism,Western Cameroon,Western Gondwana,Western USA,Wide-angle seismic,XANES,Xenoliths,Xinjiang Autonomous Region,Yunnan,Zigana Granitoid,Zircon,Zircon U-Pb-Hf isotopes,Zircon U–Pb dating,Zircon ages,Zircon dating,Zirconium,Zona Econ{\^{o}}mica Exclusiva das regi{\~{o}}es Central e Nor,a,a an{\'{a}}lise do padr{\~{a}}o,a atividade vulc{\^{a}}nica nesta,a avalia{\c{c}}{\~{a}}o de dados,a dada,a evolu{\c{c}}{\~{a}}o de tais,a paleoproterozoic unit constituted,a potential petrogenetic and,a preserva{\c{c}}{\~{a}}o parcial,a prov{\'{i}}ncia cont{\'{e}}m algumas,absolute age,abstract geochemistry and petrology,abstract investigation of the,abyssal peridotites,acampamento velho,acumula{\c{c}}{\~{a}}o de hidrocarbonetos,adquiridos e processados em,aires,al,alcalinas situada no sudeste,alcalino da por{\c{c}}{\~{a}}o sul,alcalinos na por{\c{c}}{\~{a}}o norte,algumas evid{\^{e}}ncias geol{\'{o}}gicas,aliados a dados geol{\'{o}}gicos,alkaline,alkaline basalts,alkaline complexes,alkaline earth metals,alkaline rock,alkaline rocks,alkaline syenite,alkaline-carbonatite complexes,amphibole,amphibole composition,amphibole nomenclature,amphibolite,amphibolites,an evolution of active,analisar,and dykes,and e,and pb isotope signatures,angola-etendeka province,an{\'{a}}lise multi - escala,ao litoral do,ao longo do plano,aos metapsamitos,apip,application in structural analysis,apresenta resultados de an{\'{a}}lises,apresentando n{\'{i}}veis intrusivos,ar,ar geochronology,ar-ar age,ara{\'{u}}jo,arc basin,arizona rhyolite compositions,arraial do cabo,article,as bacias sedimentares,as intrus{\~{o}}es e extrus{\~{o}}es,as principais,associadas,associa{\c{c}}{\~{a}}o vulcanossedimentar arqueana do,atl{\^{a}}ntica do continente tem,attitude sensors {\^{a}}ngulos de,bacias da margem continental,bacias sedimentares,back{\&}hyphen,baixo-tio 2 e alto-tio,balizada pela idade das,basaltic dikes,basaltic vulcanism,basalto,basaltos e andesitos bas{\'{a}}lticos,basalts,basanite,basin analysis,basin development,batholiths,bloco em fase explorat{\'{o}}-,borda sudeste da bacia,boundary layer instabilities,brasil,brasileira,brazil,brazilian alkaline complexes,brazilian sedimentary basins,bulk silicate Earth,by tonalitic,c ashano,ca,cabo,cabo frio,cabo frio island,cambrian,carbonatite,catapleiite,central and southern brazil,ceo inferior,cerca de 250 x,cerca de 5000 m,cf,chegado ao limite leste,chemical stratigraphy - magma,chilwa,chondrite,cite this article,classification,coastal basins,coastal region,com,com contribui{\c{c}}{\~{o}}es locais de,com rochas b{\'{a}}sicas-ultrab{\'{a}}sicas vulcanocl{\'{a}}sticas,comin-chiaramonti et,como,como geossinclinal e tect{\^{o}}nica,comparando-o com o das,complex,composition of amphiboles from,composi{\c{c}}{\~{a}}o qu{\'{i}}mica e evolu{\c{c}}{\~{a}}o,comp{\~{o}}em as serras do,conhe-,contains supplementary,continental crust,continental extension,continental flood basalts -,continental margin,continental margin in the,continental rifting,convection,corpo intrusivo da ilha,corresponding author,cosmogenic nuclides,cretaceous,cretaceous flood tholeiites,cretaceous until eocene times,cristalinos mais ricos em,crossite,crust,crustal anatexis,crustal assimilation,crustal contamination,crustal recycling,crustal structure,cuja resolu{\c{c}}{\~{a}}o {\'{e}} sobretudo,cummingtonite,d,da crosta para o,da ilha de cabo,da passagem da placa,da textura e mineralogia,dados s{\'{i}}smicos tridimensionais de,dados th-u-pb total por,dannemorite,das mais extensas exposi{\c{c}}{\~{o}}es,dates,de,de afinidade tholeiitica com,de campo e considera{\c{c}}{\~{a}}o,de caraj{\'{a}}s,de contato dos diques,de diques plio-pleistoc{\^{e}}nicos da,de falhas naturais,de goi{\'{a}}s,de idade cret{\'{a}}ceo superior,de iguape,de janeiro,de lineamentos na,de natureza vulc{\^{a}}nica alcalina,de orienta{\c{c}}{\~{a}}o do enxame,de placas,de profundidade,de rochas alcalinas,de rochas magm{\'{a}}ticas predo,de um grande edif{\'{i}}cio,decay seri,decay series,delamina{\c{c}}{\~{a}}o t{\'{e}}rmica ou fraturamento,department of geological,depleted,depth-dependent thermal expansivity,despertado quest{\~{o}}es controvertidas,detachment,diab{\'{a}}sio,diferencia{\c{c}}{\~{a}}o do magma de,dike swarm,diques,diques da serra do,dire{\c{c}}{\~{a}}o de sh max,dire{\c{c}}{\~{a}}o wnw-ese,do continente,do estado de s{\~{a}}o,do parna{\'{i}}ba,do plano de contato,do plat{\^{o}} do taquarembo,doi,doi:10.,doi:10.1029/2000GL012426,doi:10.1029/2004GL022192,doi:10.1029/2005JB003732,doi:10.1029/9,doi:10.1029/91JB01933,doi:10.1029/94JB00661,doi:10.1029/98JB02642,doi:10.1029/JB073i002p00619,dom pedrito,domenico m,doronzo,dos diques m{\'{a}}ficos da,dos metagabros {\'{e}} o,dr,duas su{\'{i}}tes,durante a,durante o {\'{e}}oceno,dyke swarm,e,e ambientes associados,e arraial do cabo,e condicionamento tect{\^{o}}nico da,e la,e n8,e paleomagn{\'{e}}ticos,e vulc{\^{a}}nicas na por{\c{c}}{\~{a}}o,early-,editorial handling,electronic supplementary material the,elementos de simetria,em adotar crit{\'{e}}rios e,em condi{\c{c}}{\~{o}}es de baixa,em fun{\c{c}}{\~{a}}o da necessidade,em parte,emi-himu signature,encantadas complex,esse hot spot teria,esta unidade neoproteroz{\'{o}}ica {\'{e}},este artigo apresenta a,este artigo apresenta descri{\c{c}}{\~{o}}es,estes basaltos,estes dados sugerem,euler,euler angles,evento metam{\'{o}}rf{\"{i}}co-deformacional progressivo e,everton marques bongiolo,evolu{\c{c}}{\~{a}}o dos conhecimentos sobre,exhumation,exibem caracter{\'{i}}sticas estruturais e,experimental petrology,explosive eruption,extended kalman filter,extrusive,f,fault-plane markings,fei{\c{c}}{\~{o}}es {\'{i}}mpares da borda,filtro de,first author,flood basalts,fluid,fluidisation,fonolitos,fozo,fractionation,fractionation crystallization,fracture zone,fracture zones,frequentemente negligenciada,frio,from early,g,gabbro xe-,gap,garnet,genesis,gen{\'{e}}ticas para os xen{\'{o}}litos,geobarometry,geochemical modeling,geochemistry,geochronology,geocronol{\'{o}}gicos k,geodynamics,geological structures,geomatics 1,geomorfol{\'{o}}gicas e geocronol{\'{o}}gicas,geoprocessing,geoqu{\'{i}}mica,geotectonics,geothermobarometric indicator,geothermobarometry,geothermometry,glass - vesicles,grandense,granites,grupo gr{\~{a}}o-par{\'{a}},h,hawaiian tholeiite composition -,hc.mk,heat flow,heterog{\'{e}}neo,hidr{\'{a}}ulico de cizalhamento,high temperature alteration,hot spot,hot spots,hotspot,hotspots,hotspots and melting anomalies,http://dx.doi.org/10.1029/2000GL012426,http://dx.doi.org/10.1029/2004GL022192,http://dx.doi.org/10.1029/2005JB003732,http://dx.doi.org/10.1029/91JB01933,http://dx.doi.org/10.1029/94JB00240,http://dx.doi.org/10.1029/94JB00661,http://dx.doi.org/10.1029/98JB02642,http://dx.doi.org/10.1029/JB073i002p00619,http://dx.doi.org/10.1029/JB082i005p00803,http://dx.doi.org/10.1029/JB089iB07p05835,http://dx.doi.org/10.1029/JB094iB06p07278,https,hydraulic shear fracturing,hydrothermal alteration,icle,igneous,igneous rocks,impact structures,incluem-se numa s{\'{e}}rie transicional,incluindo desde complexos m{\'{a}}fico-ultram{\'{a}}ficos,influenciados por teorias geotect{\^{o}}nicas,inicialmente,initial kinematic reconstruction,integram o enxame de,integrated,interpretation,intraplate deformation,intraplate volcanism,introduction and geological setting,introduction the paran{\'{a}} basin,introdu{\c{c}}{\~{a}}o este trabalho sintetiza,introdu{\c{c}}{\~{a}}o estudos realizados na,intrusions,intrusiva de pariq{\"{u}}era a{\c{c}}u,intrusive,intr{\'{i}}nseca de se ordenar,inverse-forward modelling,in{\'{u}}meras,is characterized by early,isochron,isotope,isotope and trace element,isotope fractionation,isotope geochemistry,isotope ratios,isotopes,isot{\'{o}}picas rb-sr de interesse,ito and van keken,iv simp{\'{o}}sio de vulcanismo,iwanuch,j,japi,jgg-1-1-7,jourdan,journal of geosciences and,k,k-ar dispon{\'{i}}veis na literatura,kalman estendido,kamafugite,kimberlite pipe,l,l stratigraphic chart,large igneous province,large igneous provinces,lava flow,lead,lineages,linear volcanic rises,lip,lithochemistry,lithogeochemistry,lithosphere,litogeoqu{\'{i}}mica,litosf{\'{e}}rica sul-americana por sobre,lo,lower paleozoic,l{\'{i}}quidos,m,mafic dyke,mafic dyke swarms,mafic dyke swarms of,magma,magma chamber,magmatic lineaments,magmatic sources,magmatic sources of post-collisional,magmatic volatiles,magmatism,magm{\'{a}}tica das rochas alcalinas,magnetic anomalies,maior parte dos casos,manjo,mantle,mantle evolution,mantle geochemistry,mantle lithosphere,mantle melting,mantle plumes,mantle source,mantle sources,mantle temperatures,mantle wedge,mar e da mantiqueira,mar no sudeste do,margem con-,marginal basins,mello,melt,melt petrogenesis,melting anomaly,mesozoic,mesozoic-cenozoic magmatism,metagabbros,metagabros da sequ{\^{e}}ncia metavulcanossedimentar,metagranites of encantadas,metals,metapelitos,mica,microqu{\'{i}}micos,microssonda,mid-atlantic ridge,minas gerais,mineral chemistry,mineral composition,mineral compositions - rhyolitic,mineral redox buffer,minous magmatism occurred in,miocene volcanism,missing Ar,mobile belt,morb,motoki,mush,mylonites,m{\'{a}}ficos da {\'{a}}rea de,n,na,na regi{\~{a}}o do baixo,nb,nd,nd model ages,near-solidus,nefelina sienito com assimila{\c{c}}{\~{a}}o,neodymium,neoproterozoic,nepheline syenite,nephelinite,no,no caso correspondente a,no eocret{\'{a}}ceo pr{\'{e}}-aptiano,no estado do rio,noliths - magma convection,nonchondritic Earth,normal-reverse magnetizations,normalization,northcentral nigeria,nova brasil{\^{a}}ndia,numerical basin modeling,numerical modeling,nw,o,o artigo,o conhecimento,o de anomalias magn,o magmatismo cret{\'{a}}ceo-terci{\'{a}}rio nas,o pacote vulc{\^{a}}nico,o remanescente na interpretac,o vulcanismo bas{\'{a}}ltico {\'{e}},o-c-sr-nd isotopes,ocean island basalts,ocorre ao longo de,of porphyritic and equigranular,of post-collisional alkaline,oib,olivine,online version of this,orbitais e a{\'{e}}reos aplicados,org,oria-trindade chain,os valores de idades,ou seja,p e alta t,p-morb,pa-,paep,pago,paleogene,paleomagnetic virtual poles,paleomagnetism,paleoprotero-,paleoproterozoic,panafrican,para os,parana,parentais da su{\'{i}}te de,part of the paran{\'{a}}-,partial melting,partially layered convection,particle size distribution,passive margin,pattern,pau-,pequena exposi{\c{c}}{\~{a}}o de rochas,peridotite,permite limitar mais adequada-,permitiu a determina{\c{c}}{\~{a}}o da,pertencentes ao distrito ferrifero,pesquisas que t{\^{e}}m sido,petrakis - xen{\'{o}}litos tabulares,petrography,petroleum exploration,petrology,petrology.exp,petrol{\'{i}}feros da,petrol{\'{i}}feros e modelos de,ph,phlogopite,phonolite,phonolites and nepheline syenites,pico viejo,pirocl{\'{a}}sticas e vulcanocl{\'{a}}sticas denominada,placa litosf{\'{e}}rica,plate divergence,pleistocene,pliocene,plugs fonol{\'{i}}ticos,plume,plumes,plutonic rocks,ponta grossa arch,por uma,por{\c{c}}{\~{a}}o nordeste da ilha,por{\c{c}}{\~{a}}o oeste do escudo,post-collisional magmatism,post-perovskite phase transition,po{\c{c}}os de caldas,po{\c{c}}os de caldas-cabo frio,pp 630-635,predicted bathymetry,predominantes na por{\c{c}}{\~{a}}o central,present address,pressure,primitive mantle,principalmente em func,prof,propor esquemas para classificar,prop{\~{o}}e-se que o alinhamento,proterozoic granite,pyroxene,pyroxene group,que se estende na,r,radiative heat transfer in,radioactive disequilibrium,radioactive isotopes,radiogenic isotopes,ran,rare earth element modeling,rare earths,rb,reactivation,realizadas no sentido de,redox reactions,redox zonations,referida geralmente como forma{\c{c}}{\~{a}}o,reflex{\~{a}}o,regi{\~{a}}o,remanent magnetization,remonta provavelmente ao paleoceno,resultado da maior compet{\^{e}}ncia,resumo,resumo - motoki,resumo a ilha da,resumo a origem dos,resumo a prov{\'{i}}ncia alcalina,resumo ao longo da,resumo com base em,resumo o maci{\c{c}}o alcalino,resumo o presente artigo,resumo o vulcanismo {\'{a}}cido,resumo os anf{\'{i}}bolitos e,resumo os corpos n4,resumo sintetizam-se informa{\c{c}}{\~{o}}es sobre,rheology,rhyolite mineral compositions,rhyolites,rhyolites -,ribeira belt,rift,rifting,rj,rochas alcalinas sub-vulc{\^{a}}nicas,rochas f{\'{e}}lsicas,rochas pirocl{\'{a}}sticas,ron fodor,rosenbuschite,rs,rs est{\'{a}} localizado na,s,s institution,s12517-019-4424-y,santa catarina state,santana da boa vista,santos basin,santos basin l stratigraphy,sciences,sedimentary basins,sedimentation,segundo n60w,seismic interpretation,seismic stratigraphy,sendo representada nesta regi{\~{a}}o,sensores de atitude,sequence,sequ{\^{e}}ncia vulc{\^{a}}nica {\'{a}}cida,serra do mar dyke,serra dos caraj{\'{a}}s,shear heating,shoshonitic association as the,shoshonitic association is related,shoshonitic associations,shoshonitic series based upon,sichel,silva,sistemas montanhosos subparalelos que,sliding normalization,sliding normalization technique using,south atlantic,south-american plate,southeast Brazil,southeast atlantic ocean,southern brazil,southern brazilian rifted margin,sp-mg,sr,sr and k,sr-nd-pb isotopes,stable,stable isotopes,stereographic projection,stress-field,strontium,structural geology,structure,subcontinental lithospheric mantle,subduction,subduction zone,submarine,submersa a,subvulc{\^{a}}nicos e nefelina sienitos,sucess{\~{a}}o de rochas efusivas,sudeste do brasil,suites,sul,sul-rio-,sul-rio-grandense shield,superf{\'{i}}cies de eros{\~{a}}o do,sva,sw amazonian craton,swarm,syenite,s{\~{a}}o analisados e comparados,s{\~{a}}o constitu{\'{i}}dos por uma,t,t - continental break-up,tabular xenolith,tabulares observados ao longo,tamb{\'{e}}m do alongamento de,teaching-learning,tectonic evolution,tectonic reactivation,tectonics,tectonism,tectono-magmatic activation,tectono-metamorphic evolution,teide,temperature- and pressure-dependent viscosity,tenerife,tenha se implantado quando,terr{\ae} didatica 2,texturais que refletem um,the,the encantadas complex is,the lavras do sul,thermal delamination,thermochronology,thermometry,this includes the extensive,tholeiites,tholeiitic basalts,tholeiitic series,tijucas terrane,tims,tinental brasileira e nas,tinguaitos,tirodite,to the early stages,toro diorite,toro dioritic complex,treatise on geophysics,trindade,trindade island,tristan da cunha plume,trondhjemitic,types - boreholes -,ultrapotassic,um hot spot,uma faixa de dire{\c{c}}{\~{a}}o,universidade federal do rio,upper Precambrian,upwelling rates,vale do rio ribeira,vargas,venite,virginia polytechnic institute and,vit,vit{\'{o}}ria-trindade chain,vogelsberg,volcanic rock,volcanism,volcano,volu-,volume,vulc{\^{a}}nico cuja base encontra-se,v{\'{a}}rios autores se preocuparam,w,water,western cameroon,wide-angle seismic,xenoliths,yb,zircon,{\`{a}},{\`{a}} compreens{\~{a}}o da origem,{\`{a}} deforma{\c{c}}{\~{a}}o em rela{\c{c}}{\~{a}}o,{\'{a}}rea de cabo frio,{\'{a}}reas emersas adjacentes,{\'{a}}reas oce{\^{a}}nicas adjacentes per-,{\c{c}}{\~{a}}o petrol{\'{i}}fera de um,{\'{e}} a por{\c{c}}{\~{a}}o emersa,{\'{e}} composto essencialmente por,{\'{e}} formado principalmente por,{\'{e}}poca de forma{\c{c}}{\~{a}}o,$\sigma$ 1},
number = {1},
pages = {1689--1699},
pmid = {25246403},
publisher = {Apress},
title = {{Efficient Learning Machines}},
url = {http://dx.doi.org/10.1016/j.jsames.2011.03.003{\%}0Ahttps://doi.org/10.1016/j.gr.2017.08.001{\%}0Ahttp://dx.doi.org/10.1016/j.precamres.2014.12.018{\%}0Ahttp://dx.doi.org/10.1016/j.precamres.2011.08.005{\%}0Ahttp://dx.doi.org/10.1080/00206814.2014.902757{\%}0Ahttp://dx.},
volume = {369},
year = {2015}
}
