Automatically generated by Mendeley Desktop 1.19.4
Any changes to this file will be lost if it is regenerated by Mendeley.

BibTeX export options can be customized via Options -> BibTeX in Mendeley Desktop

@article{AndradeSiqueira2020,
abstract = {O objetivo deste trabalho visa o estudo do abuso sexual infantil, denominado pedofilia, que vem a ser praticado contra crian{\c{c}}as e adolescentes atrav{\'{e}}s da Internet, {\`{a}} luz do Estatuto da Crian{\c{c}}a e do Adolescente. De fato, vivemos na era digital, os avan{\c{c}}os tecnol{\'{o}}gicos, a velocidade de suas informa{\c{c}}{\~{o}}es, trouxe a inquieta{\c{c}}{\~{a}}o em ordenar e coordenar as atividades ligadas a esse novo mundo, principalmente por se tratar do anonimato do agente delituoso, aumentando as possibilidades de cometer delitos. Ainda, contribu{\'{i}}ram para desatualizar a legisla{\c{c}}{\~{a}}o brasileira, em geral, incluindo, portanto, o que diz respeito a crimes sexuais e a pornografia infantil. Trata-se de uma realidade mundial, pois facilita o funcionamento do mercado clandestino nacional e internacional. No Brasil como no mundo, cresce o n{\'{u}}mero da criminalidade na {\'{a}}rea digital, crimes esses que v{\^{e}}m se popularizando na medida em que a rede se expande e se torna de f{\'{a}}cil acesso para todas as pessoas, inclusive crian{\c{c}}as e adolescentes. Nesse sentido, nos {\'{u}}ltimos anos, o crime de “pedofilia” tem avan{\c{c}}ado junto com a internet. Os ped{\'{o}}filos aproveitam-se e criam perfis falsos em redes sociais, utilizam-se de linguagem de f{\'{a}}cil entendimento para conseguirem a confian{\c{c}}a das crian{\c{c}}as e adolescentes. O trabalho busca demonstrar a prote{\c{c}}{\~{a}}o integral assegurada pelo ECA, visando defender a crian{\c{c}}a e o adolescente de atos abusivos a sua integridade, n{\~{a}}o importando o meio no qual {\'{e}} praticado, bastando, para isso, que possua a caracter{\'{i}}stica de causar dano a crian{\c{c}}a ou adolescente.},
author = {de {Andrade Siqueira}, Caio T{\'{a}}cito Griecco},
file = {:D$\backslash$:/OneDrive/Documentos/MBA - USP/mba-usp/PROJETO FINAL/DOCUMENTOS/AUXILIAR/A pedofilia na era digital {\`{a}} luz do Estatuto da Crian{\c{c}}a e do Adolescente.pdf:pdf},
journal = {Jusbrasil},
keywords = {Crime Cibern{\'{e}}tico,Crimes do ECA,Direito Penal,Pedofilia},
title = {{A pedofilia na era digital {\`{a}} luz do Estatuto da Crian{\c{c}}a e do Adolescente}},
url = {https://eduardocabette.jusbrasil.com.br/artigos/239700073/a-pedofilia-na-era-digital-a-luz-do-estatuto-da-crianca-e-do-adolescente-por-caio-tacito-griecco-de-andrade-siqueira},
year = {2020}
}
