Automatically generated by Mendeley Desktop 1.19.4
Any changes to this file will be lost if it is regenerated by Mendeley.

BibTeX export options can be customized via Options -> BibTeX in Mendeley Desktop

@phdthesis{Botelho2014,
abstract = {Uma das etapas mais importantes da an{\'{a}}lise de imagens e, que conta com uma enorme quantidade de aplica{\c{c}}{\~{o}}es, {\'{e}} a segmenta{\c{c}}{\~{a}}o. No entanto, uma boa parte das t{\'{e}}cnicas tradicionais apresenta alto custo computacional, dificultando sua aplica{\c{c}}{\~{a}}o em imagens de alta resolu{\c{c}}{\~{a}}o como, por exemplo, as imagens de ninhais de aves do Pantanal que tamb{\'{e}}m ser{\~{a}}o analisadas neste trabalho. Diante disso, {\'{e}} proposta uma nova abordagem de segmenta{\c{c}}{\~{a}}o que combina algoritmos de detec{\c{c}}{\~{a}}o de comunidades, pertencentes {\`{a}} teoria das redes complexas, com t{\'{e}}cnicas de extra{\c{c}}{\~{a}}o de superpixels. Tal abordagem {\'{e}} capaz de segmentar imagens de alta resolu{\c{c}}{\~{a}}o mantendo o compromisso entre acur{\'{a}}cia e tempo de processamento. Al{\'{e}}m disso, como as imagens de ninhais analisadas apresentam caracter{\'{i}}sticas peculiares que podem ser mais bem tratadas por t{\'{e}}cnicas de segmenta{\c{c}}{\~{a}}o por textura, a t{\'{e}}cnica baseada em Markov Random Fields (MRF) {\'{e}} proposta, como um complemento {\`{a}} abordagem de segmenta{\c{c}}{\~{a}}o inicial, para realizar a identifica{\c{c}}{\~{a}}o final das aves. Por fim, devido {\`{a}} import{\^{a}}ncia de avaliar quantitativamente a qualidade das segmenta{\c{c}}{\~{o}}es obtidas, um nova m{\'{e}}trica de avalia{\c{c}}{\~{a}}o baseada em ground-truth foi desenvolvida, sendo de grande import{\^{a}}ncia para a {\'{a}}rea. Este trabalho contribuiu para o avan{\c{c}}o do estado da arte das t{\'{e}}cnicas de segmenta{\c{c}}{\~{a}}o de imagens de alta resolu{\c{c}}{\~{a}}o, aprimorando e desenvolvendo m{\'{e}}todos baseados na combina{\c{c}}{\~{a}}o de redes complexas com superpixels, os quais alcan{\c{c}}aram resultados satisfat{\'{o}}rios com baixo tempo de processamento. Al{\'{e}}m disso, uma importante contribui{\c{c}}{\~{a}}o referente ao censo demogr{\'{a}}fico de aves por meio da an{\'{a}}lise de imagens a{\'{e}}reas de ninhais foi viabilizada por meio da aplica{\c{c}}{\~{a}}o da t{\'{e}}cnica de segmenta{\c{c}}{\~{a}}o MRF.},
author = {Botelho, Glenda Michele},
doi = {10.11606/T.55.2014.tde-16032015-113613},
file = {:C$\backslash$:/Users/guilo/AppData/Local/Mendeley Ltd./Mendeley Desktop/Downloaded/Botelho - 2014 - Segmenta{\c{c}}{\~{a}}o de imagens baseada em redes complexas e superpixels uma aplica{\c{c}}{\~{a}}o ao censo de aves.pdf:pdf},
keywords = {Censo demogr{\'{a}}fico de aves,Detec{\c{c}}{\~{a}}o de comunidades,Markov Random fields,Redes complexas,Segmenta{\c{c}}{\~{a}}o de imagens,Super Pixels,Textura},
mendeley-tags = {Censo demogr{\'{a}}fico de aves,Detec{\c{c}}{\~{a}}o de comunidades,Markov Random fields,Redes complexas,Segmenta{\c{c}}{\~{a}}o de imagens,Super Pixels,Textura},
pages = {104},
school = {Instituto de Ci{\^{e}}ncias Matem{\'{a}}ticas e de Computa{\c{c}}{\~{a}}o},
title = {{Segmenta{\c{c}}{\~{a}}o de imagens baseada em redes complexas e superpixels: uma aplica{\c{c}}{\~{a}}o ao censo de aves}},
url = {https://www.teses.usp.br/teses/disponiveis/55/55134/tde-16032015-113613/pt-br.php},
year = {2014}
}
