Automatically generated by Mendeley Desktop 1.19.4
Any changes to this file will be lost if it is regenerated by Mendeley.

BibTeX export options can be customized via Options -> BibTeX in Mendeley Desktop

@misc{CETIC.BR2019,
author = {CETIC.BR},
booktitle = {TIC Kids Online Bras.},
institution = {Centro Regional de Estudos para o Desenvolvimento da Sociedade da Informa{\c{c}}{\~{a}}o},
keywords = {Adolescentes,Crian{\c{c}}as},
mendeley-tags = {Adolescentes,Crian{\c{c}}as},
number = {-},
title = {{A4 - CRIAN{\c{C}}AS E ADOLESCENTES, POR FREQU{\^{E}}NCIA DE USO DA INTERNET}},
url = {https://cetic.br/pt/tics/kidsonline/2019/criancas/A4/},
urldate = {2020-06-23},
volume = {1},
year = {2019}
}
