Automatically generated by Mendeley Desktop 1.19.4
Any changes to this file will be lost if it is regenerated by Mendeley.

BibTeX export options can be customized via Options -> BibTeX in Mendeley Desktop

@misc{ELPAIS_2020,
abstract = {Nunca foi t{\~{a}}o f{\'{a}}cil assistir a pornografia. Nunca foi consumida desde idades t{\~{a}}o precoces. Os meninos come{\c{c}}am hoje com nove anos. Gratuitos e acess{\'{i}}veis 24 horas por dia, os conte{\'{u}}dos de sexo expl{\'{i}}cito que inundam a Internet se tornaram a educa{\c{c}}{\~{a}}o sexual do s{\'{e}}culo XXI na aus{\^{e}}ncia de forma{\c{c}}{\~{a}}o espec{\'{i}}fica. E uma fonte de confus{\~{a}}o para os adolescentes em suas primeiras rela{\c{c}}{\~{o}}es adultas.},
author = {Collera, Virginia},
keywords = {Adolesc{\^{e}}ncia,Educa{\c{c}}{\~{a}}o Sexual,Filmes Pornografico,Juventude,Pornografia,Rela{\c{c}}{\~{o}}es Sexuais,Sexting,Smartphone},
title = {{Sim, seus filhos veem porn{\^{o}} (e {\'{e}} assim que isso os afeta)}},
url = {https://brasil.elpais.com/brasil/2019/02/05/eps/1549359489{\_}090898.html},
urldate = {05/07/2020},
year = {2019}
}
