Automatically generated by Mendeley Desktop 1.19.4
Any changes to this file will be lost if it is regenerated by Mendeley.

BibTeX export options can be customized via Options -> BibTeX in Mendeley Desktop

@inproceedings{Fujimoto_,
address = {Cape Town, South Africa},
author = {Fujimoto, Noriyuki and Hagihara, Kenichi},
booktitle = {Proc. 4th Int. Symp. Inf. Commun. Technol.},
doi = {10.5555/1071752.1071793},
file = {:D$\backslash$:/OneDrive/Documentos/MBA - USP/mba-usp/PROJETO FINAL/DOCUMENTOS/AUXILIAR/crawler 2.pdf:pdf},
pages = {209--216},
publisher = {Trinity College Dublin},
title = {{A personal system for web image retrieval}},
url = {https://dl.acm.org/doi/abs/10.5555/1071752.1071793},
year = {2005}
}
