Automatically generated by Mendeley Desktop 1.19.4
Any changes to this file will be lost if it is regenerated by Mendeley.

BibTeX export options can be customized via Options -> BibTeX in Mendeley Desktop

@misc{Google,
author = {{Google Developers}},
booktitle = {Google Cloud},
keywords = {Google Developers},
title = {{Como executar o Inception na Cloud TPU | Google Cloud}},
url = {https://cloud.google.com/tpu/docs/tutorials/inception},
urldate = {2020-07-18}
}
