Automatically generated by Mendeley Desktop 1.19.4
Any changes to this file will be lost if it is regenerated by Mendeley.

BibTeX export options can be customized via Options -> BibTeX in Mendeley Desktop

@phdthesis{Linares2013,
abstract = {Segmenta{\c{c}}{\~{a}}o de imagens {\'{e}} ainda uma etapa desafiadora do processo de reconhecimento de padr{\~{o}}es. Entre as abordagens de segmenta{\c{c}}{\~{a}}o, muitas s{\~{a}}o baseadas em particionamento em grafos, as quais apresentam alguns inconvenientes, sendo um deles o tempo de processamento muito elevado. Com as recentes pesquisas na teoria de redes complexas, as t{\'{e}}cnicas de reconhecimento de padr{\~{o}}es baseadas em grafos melhoraram consideravelmente. A identifica{\c{c}}{\~{a}}o de grupos de v{\'{e}}rtices pode ser considerada um processo de detec{\c{c}}{\~{a}}o de comunidades de acordo com a teoria de redes complexas. Como o agrupamento de dados est{\'{a}} relacionado com a segmenta{\c{c}}{\~{a}}o de imagens, esta tamb{\'{e}}m pode ser abordada atrav{\'{e}}s de redes complexas. No entanto, a segmenta{\c{c}}{\~{a}}o de imagens baseado em redes complexas apresenta uma limita{\c{c}}{\~{a}}o fundamental, que {\'{e}} o n{\'{u}}mero excessivo de n{\'{o}}s na rede. Neste trabalho {\'{e}} proposta uma abordagem de redes complexas para segmenta{\c{c}}{\~{a}}o de imagens de grandes dimens{\~{o}}es que {\'{e}} ao mesmo tempo precisa e r{\'{a}}pida. Para alcan{\c{c}}ar este objetivo, {\'{e}} incorporado o conceito de Super Pixels, visando reduzir o n{\'{u}}mero de n{\'{o}}s da rede. Os experimentos mostraram que a abordagem proposta produz segmenta{\c{c}}{\~{o}}es de boa qualidade em baixo tempo de processamento. Al{\'{e}}m disso uma das principais contribui{\c{c}}{\~{o}}es deste trabalho {\'{e}} a determina{\c{c}}{\~{a}}o dos melhores par{\^{a}}metros, uma vez que torna o m{\'{e}}todo bastante independente dos par{\^{a}}metros, o que n{\~{a}}o fora alcan{\c{c}}ado antes em nenhuma pesquisa da {\'{a}}rea.},
author = {Linares, Oscar Alonso Cuadros},
doi = {10.11606/D.55.2013.tde-25062013-100901},
file = {:C$\backslash$:/Users/guilo/AppData/Local/Mendeley Ltd./Mendeley Desktop/Downloaded/Linares - 2013 - Segmenta{\c{c}}{\~{a}}o de imagens de alta dimens{\~{a}}o por meio de algor{\'{i}}tmos de detec{\c{c}}{\~{a}}o de comunidades e super pixels.pdf:pdf},
keywords = {Detec{\c{c}}{\~{a}}o de comunidades,Redes complexas,Segmenta{\c{c}}{\~{a}}o de imagens,Super Pixels},
mendeley-tags = {Detec{\c{c}}{\~{a}}o de comunidades,Redes complexas,Segmenta{\c{c}}{\~{a}}o de imagens,Super Pixels},
pages = {88},
school = {Instituto de Ci{\^{e}}ncias Matem{\'{a}}ticas e de Computa{\c{c}}{\~{a}}o},
title = {{Segmenta{\c{c}}{\~{a}}o de imagens de alta dimens{\~{a}}o por meio de algor{\'{i}}tmos de detec{\c{c}}{\~{a}}o de comunidades e super pixels}},
url = {https://www.teses.usp.br/teses/disponiveis/55/55134/tde-25062013-100901/pt-br.php},
year = {2013}
}
