Automatically generated by Mendeley Desktop 1.19.4
Any changes to this file will be lost if it is regenerated by Mendeley.

BibTeX export options can be customized via Options -> BibTeX in Mendeley Desktop

@book{MARQUESFILHO1999b,
address = {Rio de Janeiro},
author = {{MARQUES FILHO}, Og{\^{e}} and {VIEIRA NETO}, Hugo},
file = {:D$\backslash$:/OneDrive/Documentos/MBA - USP/mba-usp/PROJETO FINAL/DOCUMENTOS/AUXILIAR/Processamento Digital de Imagens.pdf:pdf},
isbn = {8574520098},
pages = {331},
publisher = {Editora Brasport},
title = {{Processamento Digital de Imagens}},
url = {http://dainf.ct.utfpr.edu.br/{~}hvieir/download/pdi99.pdf},
year = {1999}
}
