Automatically generated by Mendeley Desktop 1.19.4
Any changes to this file will be lost if it is regenerated by Mendeley.

BibTeX export options can be customized via Options -> BibTeX in Mendeley Desktop

@misc{Microsoft2017,
author = {O'Brien, Larry},
title = {{Machine Learning - Deliver On-Device Machine Learning Solutions}},
url = {https://docs.microsoft.com/en-us/archive/msdn-magazine/2017/connect/machine-learning-deliver-on-device-machine-learning-solutions},
urldate = {2020-07-01},
year = {2017}
}
