Automatically generated by Mendeley Desktop 1.19.4
Any changes to this file will be lost if it is regenerated by Mendeley.

BibTeX export options can be customized via Options -> BibTeX in Mendeley Desktop

@phdthesis{Montanari2015,
abstract = {A rob{\'{o}}tica {\'{e}} uma {\'{a}}rea multidisciplinar que cresce continuamente com a contribui{\c{c}}{\~{a}}o do avan{\c{c}}o cient{\'{i}}fico e aumento frequente do poder computacional do hardware. As pesquisas em rob{\'{o}}tica est{\~{a}}o divididas em diversas linhas de investiga{\c{c}}{\~{a}}o. A vis{\~{a}}o computacional {\'{e}} uma das linhas de pesquisa de grande interesse devido {\`{a}} farta variedade de m{\'{e}}todos e t{\'{e}}cnicas oferecidas. Um dos maiores desafios para os rob{\^{o}}s {\'{e}} descobrir e analisar o ambiente em que est{\~{a}}o inseridos. Dentre os principais sensores que podem ser utilizados, as c{\^{a}}meras digitais oferecem um bom benef{\'{i}}cio: podem ser leves, pequenas e baratas, caracter{\'{i}}sticas fundamentais para alguns rob{\^{o}}s. Este trabalho prop{\~{o}}e o desenvolvimento e an{\'{a}}lise de um sistema de vis{\~{a}}o computacional para rastrear ve{\'{i}}culos usando sistemas de detec{\c{c}}{\~{a}}o e classifica{\c{c}}{\~{a}}o de segmentos em imagens. Para atingir os objetivos s{\~{a}}o investigados m{\'{e}}todos de extra{\c{c}}{\~{a}}o de informa{\c{c}}{\~{o}}es das imagens, modelos de aten{\c{c}}{\~{a}}o visual e modelos de aprendizado bioinspirados para detec{\c{c}}{\~{a}}o e classifica{\c{c}}{\~{a}}o de ve{\'{i}}culos. Para a tarefa de aten{\c{c}}{\~{a}}o visual foram utilizadas as t{\'{e}}cnicas de gera{\c{c}}{\~{a}}o de mapas de sali{\^{e}}ncia iNVT e VOCUS2, enquanto que para classifica{\c{c}}{\~{a}}o foi empregada a t{\'{e}}cnicas bag-of-features e finalmente, para o rastreamento do ve{\'{i}}culo especificado, durante seu percurso em uma rodovia, foi adotada a t{\'{e}}cnica Camshift com filtro de Kalman. O sistema desenvolvido foi implementado com um rob{\^{o}} a{\'{e}}reo e testado com imagens reais contendo diferentes ve{\'{i}}culos em uma rodovia e os resultados de classifica{\c{c}}{\~{a}}o e rastreamento obtidos foram muito satisfat{\'{o}}rios.},
author = {Montanari, Raphael},
doi = {10.11606/D.55.2016.tde-08012016-113715},
file = {:C$\backslash$:/Users/guilo/AppData/Local/Mendeley Ltd./Mendeley Desktop/Downloaded/Montanari - 2015 - Detec{\c{c}}{\~{a}}o e classifica{\c{c}}{\~{a}}o de objetos em imagens para rastreamento de ve{\'{i}}culos.pdf:pdf},
keywords = {Aprendizado de m{\'{a}}quina,Aprendizado de m{\'{a}}quina.,Aten{\c{c}}{\~{a}}o visual,Rob{\'{o}}tica,Vis{\~{a}}o computacional},
mendeley-tags = {Aprendizado de m{\'{a}}quina,Aten{\c{c}}{\~{a}}o visual,Rob{\'{o}}tica,Vis{\~{a}}o computacional},
pages = {77},
school = {Instituto de Ci{\^{e}}ncias Matem{\'{a}}ticas e de Computa{\c{c}}{\~{a}}o},
title = {{Detec{\c{c}}{\~{a}}o e classifica{\c{c}}{\~{a}}o de objetos em imagens para rastreamento de ve{\'{i}}culos}},
url = {https://www.teses.usp.br/teses/disponiveis/55/55134/tde-08012016-113715/pt-br.php},
year = {2015}
}
