Automatically generated by Mendeley Desktop 1.19.4
Any changes to this file will be lost if it is regenerated by Mendeley.

BibTeX export options can be customized via Options -> BibTeX in Mendeley Desktop

@phdthesis{Paiva2015,
abstract = {Imagens digitais s{\~{a}}o utilizadas para diversas finalidades, variando de uma simples foto com os amigos at{\'{e}} a identifica{\c{c}}{\~{a}}o de doen{\c{c}}as em exames m{\'{e}}dicos. Por mais que as tecnologias de captura de imagens tenham evolu{\'{i}}do, toda imagem adquirida digitalmente possui um ru{\'{i}}do intr{\'{i}}nseco a ela que normalmente {\'{e}} adquirido durante os processo de captura ou transmiss{\~{a}}o da imagem. O grande desafio neste tipo de problema consiste em recuperar a imagem perdendo o m{\'{i}}nimo poss{\'{i}}vel de caracter{\'{i}}sticas importantes da imagem, como cantos, bordas e texturas. Este trabalho prop{\~{o}}e uma abordagem baseada em um Algoritmo Gen{\'{e}}tico H{\'{i}}brido (AGH) para lidar com este tipo de problema. O AGH combina um algoritmo gen{\'{e}}tico com alguns dos melhores m{\'{e}}todos de supress{\~{a}}o de ru{\'{i}}dos em imagens encontrados na literatura, utilizando-os como operadores de busca local. O AGH foi testado em imagens normalmente utilizadas como benchmark corrompidas com um ru{\'{i}}do branco aditivo Gaussiano (N; 0), com diversos n{\'{i}}veis de desvio padr{\~{a}}o para o ru{\'{i}}do. Seus resultados, medidos pelas m{\'{e}}tricas PSNR e SSIM, s{\~{a}}o comparados com os resultados obtidos por diferentes m{\'{e}}todos. O AGH tamb{\'{e}}m foi testado para recuperar imagens SAR (Synthetic Aperture Radar), corrompidas com um ru{\'{i}}do Speckle multiplicativo, e tamb{\'{e}}m teve seus resultados comparados com m{\'{e}}todos especializados em recuperar imagens SAR. Atrav{\'{e}}s dessa abordagem h{\'{i}}brida, o AGH foi capaz de obter resultados competitivos em ambos os tipos de testes, chegando inclusive a obter melhores resultados em diversos casos em rela{\c{c}}{\~{a}}o aos m{\'{e}}todos da literatura.},
author = {de Paiva, J{\^{o}}natas Lopes},
doi = {10.11606/D.55.2016.tde-11042016-105926},
file = {:C$\backslash$:/Users/guilo/AppData/Local/Mendeley Ltd./Mendeley Desktop/Downloaded/Paiva - 2015 - Um algoritmo gen{\'{e}}tico h{\'{i}}brido para supress{\~{a}}o de ru{\'{i}}dos em imagens.pdf:pdf},
keywords = {Algoritmos gen{\'{e}}ticos,Atenua{\c{c}}{\~{a}}o de ru{\'{i}}dos em imagens,Otimiza{\c{c}}{\~{a}}o,Preserva{\c{c}}{\~{a}}o de caracter{\'{i}}sticas,Processamento de imagens},
mendeley-tags = {Algoritmos gen{\'{e}}ticos,Atenua{\c{c}}{\~{a}}o de ru{\'{i}}dos em imagens,Otimiza{\c{c}}{\~{a}}o,Preserva{\c{c}}{\~{a}}o de caracter{\'{i}}sticas,Processamento de imagens},
pages = {125},
school = {Instituto de Ci{\^{e}}ncias Matem{\'{a}}ticas e de Computa{\c{c}}{\~{a}}o},
title = {{Um algoritmo gen{\'{e}}tico h{\'{i}}brido para supress{\~{a}}o de ru{\'{i}}dos em imagens}},
url = {https://www.teses.usp.br/teses/disponiveis/55/55134/tde-11042016-105926/pt-br.php},
year = {2015}
}
