Automatically generated by Mendeley Desktop 1.19.4
Any changes to this file will be lost if it is regenerated by Mendeley.

BibTeX export options can be customized via Options -> BibTeX in Mendeley Desktop

@book{PORNONATIVOS_2018,
abstract = {La pornograf{\'{i}}a se ha apoderado de nuestra sexualidad y ha colonizado el imaginario er{\'{o}}tico. Contamina lo que toca en cualquier cultura y atraviesa iconograf{\'{i}}as. Hoy se vende como expresi{\'{o}}n de rebeld{\'{i}}a contra la moral conservadora. Se promociona en nombre de las libertades y, sin embargo, no lleva a ninguna revoluci{\'{o}}n libertaria o colectiva. Nuestras vidas se pornifican porque nuestra productividad no se ve afectada. El ciudadano ha incorporado como derecho la explotaci{\'{o}}n sin moderaci{\'{o}}n de su erotismo, sus fantas{\'{i}}as y hasta de la intimidad ajena. La educaci{\'{o}}n sexual de los adolescentes tambi{\'{e}}n pasa por el porno, gratuito, variado y disponible veinticuatro horas al d{\'{i}}a a trav{\'{e}}s de la red gracias a unos algoritmos que definen su sexualidad y les ofrecen m{\'{a}}s (de lo mismo). Entretanto, la cifra de negocio de la industria del entretenimiento y el placer aumenta sin cesar. ¿Qu{\'{e}} esconde el agujero negro del porno? ¿Qu{\'{e}} egos dilata? ¿Ser{\'{a}} verdad que queremos mostrar el nuestro para no quedar fuera de la escena? ¿Grabarse practicando sexo expl{\'{i}}cito es una forma voluntaria de obtener impacto o es un imperativo en la sociedad de consumo de experiencias? ¿Vamos a resignarnos a los estragos de la pornograf{\'{i}}a o queremos encontrar otras maneras de relacionarnos y expresar nuestra sexualidad?},
address = {Madrid},
author = {{Claudia Iglesias}, Anal{\'{i}}a and {Zein S{\'{a}}nchez}, Mar{\'{i}}a Martha},
edition = {1},
pages = {144},
publisher = {Los Libros de la Catarata},
title = {{Lo que esconde el agujero: El porno en tiempos obscenos}},
year = {2018}
}
