Automatically generated by Mendeley Desktop 1.19.4
Any changes to this file will be lost if it is regenerated by Mendeley.

BibTeX export options can be customized via Options -> BibTeX in Mendeley Desktop

@phdthesis{Paiva2012,
abstract = {O processo autom{\'{a}}tico de classifica{\c{c}}{\~{a}}o de dados em geral, e em particular de classifica{\c{c}}{\~{a}}o de imagens, {\'{e}} uma tarefa computacionalmente intensiva e vari{\'{a}}vel em termos de precis{\~{a}}o, sendo consideravelmente dependente da configura{\c{c}}{\~{a}}o do classificador e da representa{\c{c}}{\~{a}}o dos dados utilizada. Muitos dos fatores que afetam uma adequada aplica{\c{c}}{\~{a}}o dos m{\'{e}}todos de classifica{\c{c}}{\~{a}}o ou categoriza{\c{c}}{\~{a}}o para imagens apontam para a necessidade de uma maior interfer{\^{e}}ncia do usu{\'{a}}rio no processo. Para isso s{\~{a}}o necess{\'{a}}rias mais ferramentas de apoio {\`{a}}s v{\'{a}}rias etapas do processo de classifica{\c{c}}{\~{a}}o, tais como, mas n{\~{a}}o limitadas, a extra{\c{c}}{\~{a}}o de caracter{\'{i}}sticas, a parametriza{\c{c}}{\~{a}}o dos algoritmos de classifica{\c{c}}{\~{a}}o e a escolha de inst{\^{a}}ncias de treinamento adequadas. Este doutorado apresenta uma metodologia para Classifica{\c{c}}{\~{a}}o Visual de Imagens, baseada na inser{\c{c}}{\~{a}}o do usu{\'{a}}rio no processo de classifica{\c{c}}{\~{a}}o autom{\'{a}}tica atrav{\'{e}}s do uso de t{\'{e}}cnicas de visualiza{\c{c}}{\~{a}}o. A ideia {\'{e}} permitir que o usu{\'{a}}rio participe de todos os passos da classifica{\c{c}}{\~{a}}o de determinada cole{\c{c}}{\~{a}}o, realizando ajustes e consequentemente melhorando os resultados de acordo com suas necessidades. Um estudo de diversas t{\'{e}}cnicas de visualiza{\c{c}}{\~{a}}o candidatas para a tarefa {\'{e}} apresentado, com destaque para as {\'{a}}rvores de similaridade, sendo apresentadas melhorias do algoritmo de constru{\c{c}}{\~{a}}o em termos de escalabilidade visual e de tempo de processamento. Adicionalmente, uma metodologia de redu{\c{c}}{\~{a}}o de dimensionalidade visual semi-supervisionada {\'{e}} apresentada para apoiar, pela utiliza{\c{c}}{\~{a}}o de ferramentas visuais, a cria{\c{c}}{\~{a}}o de espa{\c{c}}os reduzidos que melhorem as caracter{\'{i}}sticas de segrega{\c{c}}{\~{a}}o do conjunto original de caracter{\'{i}}sticas. A principal contribui{\c{c}}{\~{a}}o do trabalho {\'{e}} um sistema de classifica{\c{c}}{\~{a}}o visual incremental que incorpora todos os passos da metodologia proposta, oferecendo ferramentas interativas e visuais que permitem a interfer{\^{e}}ncia do usu{\'{a}}rio na classifica{\c{c}}{\~{a}}o de cole{\c{c}}{\~{o}}es incrementais com configura{\c{c}}{\~{a}}o de classes vari{\'{a}}vel. Isso possibilita a utiliza{\c{c}}{\~{a}}o do conhecimento do ser humano na constru{\c{c}}{\~{a}}o de classificadores que se adequem a diferentes necessidades dos usu{\'{a}}rios em diferentes cen{\'{a}}rios, produzindo resultados satisfat{\'{o}}rios para cole{\c{c}}{\~{o}}es de dados diversas. O foco desta tese {\'{e}} em categoriza{\c{c}}{\~{a}}o de cole{\c{c}}{\~{o}}es de imagens, com exemplos tamb{\'{e}}m para conjuntos de dados textuais.},
author = {Paiva, Jos{\'{e}} Gustavo de Souza},
doi = {10.11606/T.55.2012.tde-02042013-084718},
file = {:C$\backslash$:/Users/guilo/AppData/Local/Mendeley Ltd./Mendeley Desktop/Downloaded/Paiva - 2012 - T{\'{e}}cnicas computacionais de apoio {\`{a}} classifica{\c{c}}{\~{a}}o visual de imagens e outros dados.pdf:pdf},
keywords = {Classifica{\c{c}}{\~{a}}o visual de dados,Redu{\c{c}}{\~{a}}o de dimensionalidade,Visualiza{\c{c}}{\~{a}}o de informa{\c{c}}{\~{a}}o},
mendeley-tags = {Classifica{\c{c}}{\~{a}}o visual de dados,Redu{\c{c}}{\~{a}}o de dimensionalidade,Visualiza{\c{c}}{\~{a}}o de informa{\c{c}}{\~{a}}o},
pages = {190},
school = {Instituto de Ci{\^{e}}ncias Matem{\'{a}}ticas e de Computa{\c{c}}{\~{a}}o},
title = {{T{\'{e}}cnicas computacionais de apoio {\`{a}} classifica{\c{c}}{\~{a}}o visual de imagens e outros dados}},
url = {https://www.teses.usp.br/teses/disponiveis/55/55134/tde-02042013-084718/pt-br.php},
year = {2012}
}
