Automatically generated by Mendeley Desktop 1.19.4
Any changes to this file will be lost if it is regenerated by Mendeley.

BibTeX export options can be customized via Options -> BibTeX in Mendeley Desktop

@phdthesis{Silva2015,
abstract = {O reconhecimento de padr{\~{o}}es de textura em imagens tem sido uma importante ferramenta na {\'{a}}rea de vis{\~{a}}o computacional. Isso porque o atributo textura pode revelar caracter{\'{i}}sticas intr{\'{i}}nsecas, tornando poss{\'{i}}vel a classifica{\c{c}}{\~{a}}o de um conjunto de imagens semelhantes. Embora a textura seja estudada h{\'{a}} mais de meio s{\'{e}}culo, ainda n{\~{a}}o existe um consenso sobre sua defini{\c{c}}{\~{a}}o e nem mesmo um m{\'{e}}todo de extra{\c{c}}{\~{a}}o de caracter{\'{i}}sticas de textura que seja eficiente para todos os tipos de imagens. Al{\'{e}}m disso, os m{\'{e}}todos da literatura analisam os padr{\~{o}}es de textura de maneira global, considerando que uma imagem apresente um conjunto de micropadr{\~{o}}es que formam um {\'{u}}nico padr{\~{a}}o global ou homog{\^{e}}neo de textura na imagem. No entanto, alguns tipos de imagens apresentam heterogeneidade em sua composi{\c{c}}{\~{a}}o, ou seja, o conjunto de micropadr{\~{o}}es na imagem {\'{e}} respons{\'{a}}vel por formar mais de um padr{\~{a}}o de textura dentro da mesma imagem. Esse tipo de imagens levou ao prop{\'{o}}sito de investiga{\c{c}}{\~{a}}o deste trabalho. Independentemente do m{\'{e}}todo de extra{\c{c}}{\~{a}}o de caracter{\'{i}}stica utilizado, considerar a heterogeneidade do padr{\~{a}}o de textura em uma imagem leva a uma melhor representa{\c{c}}{\~{a}}o de suas caracter{\'{i}}sticas. Para melhorar a an{\'{a}}lise de padr{\~{o}}es heterog{\^{e}}neos de textura, tr{\^{e}}s abordagens s{\~{a}}o propostas: (i) lazy-patch, (ii) combina{\c{c}}{\~{a}}o de modelos e (iii) modelagem da textura por meio de aut{\^{o}}matos celulares inspirados em corros{\~{a}}o alveolar. Os resultados ao aplicar essas abordagens em diferentes conjuntos de imagens de biologia e nanotecnologia, mostraram que a an{\'{a}}lise de padr{\~{o}}es heterog{\^{e}}neos resulta em melhor representatividade de imagens que possuem padr{\~{o}}es heterog{\^{e}}neos de textura em sua composi{\c{c}}{\~{a}}o.},
author = {da Silva, N{\'{u}}bia Rosa},
doi = {10.11606/T.55.2016.tde-30032016-145929},
file = {:C$\backslash$:/Users/guilo/AppData/Local/Mendeley Ltd./Mendeley Desktop/Downloaded/Silva - 2015 - Reconhecimento de padr{\~{o}}es heterog{\^{e}}neos e suas aplica{\c{c}}{\~{o}}es em biologia e nanotecnologia.pdf:pdf},
keywords = {An{\'{a}}lise de imagens,Reconhecimento de padr{\~{o}}es,Textura heterog{\^{e}}nea,Vis{\~{a}}o computacional},
mendeley-tags = {An{\'{a}}lise de imagens,Reconhecimento de padr{\~{o}}es,Textura heterog{\^{e}}nea,Vis{\~{a}}o computacional},
pages = {128},
school = {Instituto de Ci{\^{e}}ncias Matem{\'{a}}ticas e de Computa{\c{c}}{\~{a}}o},
title = {{Reconhecimento de padr{\~{o}}es heterog{\^{e}}neos e suas aplica{\c{c}}{\~{o}}es em biologia e nanotecnologia}},
url = {https://www.teses.usp.br/teses/disponiveis/55/55134/tde-30032016-145929/pt-br.php},
year = {2015}
}
